@book{borgund2019,
    author    = {Adrian Kristoffer Borgund},
    date      = {},
    title     = {Digitalisering av førstehjelpsopplæring for barn},
    subtitle  = {Livreddende spillifisering},
    year      = {2019},
    publisher = {Universitetet i Bergen}
}

@book{volkoff2017,
    author    = {Olga Volkoff and Diane Strong},
    date      = {},
    title     = {Affordance Theory and How to Use it in IS Research},
    year      = {2017},
    publisher = {}
}

@online{digisos,
    author = {Digitaliseringsdirektoratet},
    date   = {},
    doi    = {},
    editor = {},
    eprint = {},
    title  = {Case: Digital løsning for å søke om økonomisk sosialhjelp},
    url    = {https://www.digdir.no/datadeling/case-digital-losning-soke-om-okonomisk-sosialhjelp/2276},
    year   = {}
}