@book{sorensen2006,
    author    = {Knut Holtan Sørensen},
    title     = {Innovasjoner, industripolitikk og økonomi},
    year      = {2006},
    publisher = {Tapir Akademisk Forlag},
    pages     = {17-38}
}