@article{Chalmers1995,
    title   = {Facing Up to the Problem of Consciousness},
    author  = {David Chalmers},
    journal = {Journal of Consciousness Studies},
    year    = {1995},
    url     = {http://consc.net/papers/facing.pdf},
    urldate = {2021-12-05}
}

@book{Descartes1637,
    title      = {Discourse on the Method},
    author     = {René Descartes},
    translator = {John Veitch},
    year       = {1641},
    publisher  = {Internet Archive},
    url        = {https://archive.org/details/rmcg0001/},
    urldate    = {2021-12-08}
}

@book{Dybvig2003,
    title     = {Det tenkende mennesket},
    subtitle  = {Filosofi- og vitenskapshistorie med vitenskapsteori},
    author    = {Dybvig, Dagfinn Døhl and Dybvig, Magne},
    year      = {2003},
    publisher = {tapir akademisk forlag}
}

@book{Kiran2013,
    title     = {Kan maskiner tenke?},
    author    = {Kiran, Asle Helge},
    year      = {2021},
    publisher = {NTNU}
}

@inbook{Nagel2003,
    title     = {Problemet med forholdet mellom kropp og sinn},
    author    = {Nagel, T},
    booktitle = {Hva er meningen? En kort innføring i filosofi},
    year      = {2003},
    pages     = {31-39},
    publisher = {Oslo: Libro}
}

@article{snl:Böhmen,
    title   = {Elisabeth av Böhmen},
    author  = {Fredrik Nilsen},
    journal = {Store norske leksikon},
    year    = {2021},
    url     = {https://snl.no/Elisabeth_av_Böhmen},
    urldate = {2021-12-02}
}

@article{snl:funksjonalisme,
    title   = {funksjonalisme},
    author  = {Hansen, Mette Kristine},
    journal = {Store norske leksikon},
    year    = {2021},
    url     = {https://snl.no/funksjonalisme},
    urldate = {2021-12-02}
}

@article{snl:identitetsteori,
    title   = {identitetsteori},
    author  = {Hansen, Mette Kristine},
    journal = {Store norske leksikon},
    year    = {2021},
    url     = {https://snl.no/identitetsteori},
    urldate = {2021-12-02}
}

@article{Turing1950,
    author  = {Turing, A. M.},
    title   = {I.—Computing Machinery and Intelligence},
    journal = {Mind},
    volume  = {LIX},
    number  = {236},
    pages   = {433-460},
    year    = {1950},
    month   = {10},
    issn    = {0026-4423},
    doi     = {10.1093/mind/LIX.236.433},
    url     = {https://doi.org/10.1093/mind/LIX.236.433}
}

@online{turingTest,
    author  = {Aleksandar Todorović},
    title   = {Has The Turing Test Been Passed?},
    year    = {2015},
    url     = {http://isturingtestpassed.github.io/},
    urldate = {2021-12-14}
}