@article{neufeld2013reviews,
    title     = {Reviews of Science for Science Librarians: BibTeX},
    author    = {Neufeld, Elyse and Barsky, Eugene},
    journal   = {Science \& Technology Libraries},
    volume    = {32},
    number    = {4},
    pages     = {330--334},
    year      = {2013},
    publisher = {Taylor \& Francis}
}