@book{Labov1972,
    address   = {Philadelphia},
    author    = {William Labov},
    publisher = {University of Pennsylvania Press},
    title     = {Sociolinguistic Patterns},
    year      = {1972}
}

@online{refleks,
    author = {Refleksnes},
    date   = {1970-01-01},
    editor = {Modern},
    title  = {Refleks redder liv!},
    url    = {https://elg.no},
    year   = {1970}
}