@book{balterzen08,
    author    = {Rolf K. Baltzersen},
    date      = {},
    title     = {Hva er egentlig teknologideterminisme?},
    year      = {2008},
    publisher = {Høgskolen i Østfold}
}

@book{scot,
    author = {STSWiki},
    date   = {},
    title  = {Social construction of technology (SCOT)},
    year   = {}
}