@book{oakley,
    title     = {A Mind For Numbers},
    author    = {Barbara Oakley},
    year      = {2014},
    publisher = {TarcherPerigee}
}

@article{parprog,
    author     = {Williams, Laurie and Upchurch, Richard L.},
    title      = {In Support of Student Pair-Programming},
    year       = {2001},
    issue_date = {March 2001},
    publisher  = {Association for Computing Machinery},
    address    = {New York, NY, USA},
    volume     = {33},
    number     = {1},
    issn       = {0097-8418},
    url        = {https://doi.org/10.1145/366413.364614},
    doi        = {10.1145/366413.364614},
    journal    = {SIGCSE Bull.},
    month      = {feb},
    pages      = {327-331},
    numpages   = {5}
}

@online{scrum,
    author = {Ken Schwaber and Jeff Sutherland},
    title  = {The 2020 Scrum Guide},
    url    = {https://scrumguides.org/scrum-guide.html},
    year   = {2020}
}

@online{stoica,
    author = {George Adrian Stoica},
    date   = {2022-09-05},
    title  = {Scrum / Gitlab},
    url    = {https://it1901.pages.stud.idi.ntnu.no/course-material/slides/04-lecture-admin.html},
    year   = {2022}
}